@book{knjiga,
    title = {Differential-Difference Equations},
    author = {Richard Bellum and Kenneth. C. Loke},
    year = {1963},
    publisher = {The Rand Corporation},
}

@online{dokazleme,
    author = "Chi Wai Leung",
    title = "MATH2060B Appendix: Riemann-Lebesgue Lemma",
    url  = "https://www.math.cuhk.edu.hk/course_builder/1920/math2060b/Math%202060%20RieLebLemma.pdf",
    addendum = "(Najdeno: 09.04.2022)",
}

@book{angdiploma,
    title = {Delay Differential Equations},
    author = {C. R. Terpstra},
    year = {2016},
    publisher = {University of Groningen},
}

@book{logist,
    title = {Delay-Differential Equations},
    author = {Richard Bertram},
    year = {2010},
    publisher = {Florida State University},
}

@online{wikide,
    title = "Differential equatoin - Wikipedia",
    url  = "https://en.wikipedia.org/wiki/Differential_equation#Example",
    addendum = "(Najdeno: 15.10.2021)",
}

@book{slologist,
    title = {Logistična diferencialna enačba},
    author = {Sabina Šubic},
    year = {2015},
    publisher = {Univerza v Ljubljani, Pedagoška fakulteta},
}

@book{envir,
    title = {An Introduction to Delay Differential Equations with Application to the Life Sciences},
    author = {Hal Smith},
    year = {2010},
    publisher = {Springer Science and Bussines Media},
}

